@article {BINA,
    Title = {What Is the Blockchain Trilemma?},
    howpublished = {\url{https://academy.binance.com/en/articles/what-is-the-blockchain-trilemma}},
    note = {Accessed: 2023-08-28},
    author = {Binance},
    journal = "Binance",
    year = 2022
}

@article{SWIRLDS_HASHGRAPH,
  title = {THE SWIRLDS HASHGRAPH CONSENSUS ALGORITHM: FAIR, FAST, BYZANTINE FAULT TOLERANCE},
  author = {BAIRD, LEEMON},
  year = 2016,
  journal = "SWIRLDS TECH REPORT"}
 % howpublished = {\url{https://medium.com/blockchainio/what-are-atomic-swaps-bc1d034634c9}},

  note = {Accessed: Swirlds web side}
}

@article{flp_impossibility,
  author = {Fischer, Michael J. and Lynch, Nancy A. and Paterson, Michael S.},
  title = {Impossibility of Distributed Consensus with One Faulty Process},
  journal = {Journal of the ACM (JACM)},
  volume = {32},
  number = {2},
  pages = {374--382},
  year = {1985},
  publisher = {ACM},
  doi = {10.1145/3149.214121},
}

@article{dlt_cam,
    author = {Rauchs, Michel and Glidden, Andrew and Gordon, Brian and Pieters, Gina C. and Recanatini, Martino and Rostand, Fran√ßois and Vagneur, Kathryn and Zhang, Bryan Zheng},
    title = {Distributed Ledger Technology Systems: A Conceptual Framework},
    journal = {Cambridge Centre for Alternative Finance},
    year = {2018},
    month = {August},
    pages = {12,  19}
}

@article{mus_has,
    author = {Sridhar, Vinesh and Blum, Erica and Katz, Jonathan},
    title = {Musings on the HashGraph Protocol: Its Security and Its Limitations},
    journal = {arXiv},
    year = {2022}
}